% See https://www.overleaf.com/learn/latex/Bibliography_management_in_LaTeX

@online{latex_vid_1,
    author = "Trefor Bazett",
    title = "Intro to LaTeX : Learn to write beautiful math equations || Part 1",
    url  = "https://www.youtube.com/watch?v=Jp0lPj2-DQA",
    addendum = "Accessed 03/26/2024",
    keywords = "latex,tutorial"
}

@online{latex_vid_2,
    author = "Trefor Bazett",
    title = "Intro to LaTeX **Full Tutorial** Part II (Equations, Tables, Figures, Theorems, Macros and more)",
    url  = "https://www.youtube.com/watch?v=-HvRvBjBAvg",
    addendum = "Accessed 03/26/2024",
    keywords = "latex,tutorial"
}

@online{overleaf_bibliography,
    author = "Overleaf",
    title = "Bibliography Management in LaTeX",
    url  = "https://www.overleaf.com/learn/latex/Bibliography_management_in_LaTeX",
    addendum = "Accessed 03/26/2024",
    keywords = "latex,bibliography,tutorial"
}

@online{overleaf_code,
    author = "Overleaf",
    title = "Code listing",
    url  = "https://www.overleaf.com/learn/latex/Code_listing",
    addendum = "Accessed 03/26/2024",
    keywords = "latex,code,tutorial"
}
